<record><leader>00000cas a2200000 a 4500</leader><controlfield tag="001">46631301</controlfield><controlfield tag="008">010329cuuuu9999vi mr ne      0    0eng c</controlfield><datafield ind1=" " ind2=" " tag="010"><subfield code="a">sn2001061810</subfield></datafield><datafield ind1=" " ind2=" " tag="040"><subfield code="a">NYS</subfield><subfield code="b">eng</subfield><subfield code="c">NYS</subfield><subfield code="d">OCLCQ</subfield><subfield code="d">OCLCA</subfield><subfield code="d">OCLCF</subfield><subfield code="d">OCLCA</subfield><subfield code="d">OCL</subfield></datafield><datafield ind1=" " ind2=" " tag="037"><subfield code="b">#29A Princesse Gade, Charlotte Amalie, PO Box 301825, St. Thomas, VI 00803</subfield></datafield><datafield ind1="0" ind2=" " tag="041"><subfield code="a">engspa</subfield></datafield><datafield ind1=" " ind2=" " tag="042"><subfield code="a">pcc</subfield></datafield><datafield ind1=" " ind2=" " tag="043"><subfield code="a">nwvi---</subfield></datafield><datafield ind1="0" ind2="0" tag="245"><subfield code="a">Catholic Islander.</subfield></datafield><datafield ind1=" " ind2=" " tag="260"><subfield code="a">Charlotte Amalie, St. Thomas, VI :</subfield><subfield code="b">Most Rev. George V. Murray, S.J., Bishop of the Diocese of St. Thomas in the Virgin Islands</subfield></datafield><datafield ind1=" " ind2=" " tag="300"><subfield code="a">volumes :</subfield><subfield code="b">illustrations ;</subfield><subfield code="c">36 cm</subfield></datafield><datafield ind1=" " ind2=" " tag="310"><subfield code="a">Monthly</subfield></datafield><datafield ind1=" " ind2=" " tag="336"><subfield code="a">text</subfield><subfield code="b">txt</subfield><subfield code="2">rdacontent</subfield></datafield><datafield ind1=" " ind2=" " tag="337"><subfield code="a">unmediated</subfield><subfield code="b">n</subfield><subfield code="2">rdamedia</subfield></datafield><datafield ind1=" " ind2=" " tag="338"><subfield code="a">volume</subfield><subfield code="b">nc</subfield><subfield code="2">rdacarrier</subfield></datafield><datafield ind1=" " ind2=" " tag="500"><subfield code="a">"Monthly newspaper of the Diocese of St. Thomas in the U.S. Virgin Islands."</subfield></datafield><datafield ind1=" " ind2=" " tag="546"><subfield code="a">In English and Spanish.</subfield></datafield><datafield ind1=" " ind2=" " tag="588"><subfield code="a">Description based on: Vol. 16, issue 3 (Mar. 2001).</subfield></datafield><datafield ind1=" " ind2="0" tag="650"><subfield code="a">Catholics</subfield><subfield code="z">United States Virgin Islands</subfield><subfield code="v">Newspapers.</subfield></datafield><datafield ind1=" " ind2="0" tag="651"><subfield code="a">Charlotte Amalie (United States Virgin Islands)</subfield><subfield code="v">Newspapers.</subfield></datafield><datafield ind1=" " ind2="0" tag="651"><subfield code="a">Saint Thomas (United States Virgin Islands : Island)</subfield><subfield code="v">Newspapers.</subfield></datafield><datafield ind1=" " ind2="0" tag="651"><subfield code="a">Saint Croix (United States Virgin Islands)</subfield><subfield code="v">Newspapers.</subfield></datafield><datafield ind1=" " ind2="0" tag="651"><subfield code="a">Saint John (United States Virgin Islands)</subfield><subfield code="v">Newspapers.</subfield></datafield><datafield ind1=" " ind2="7" tag="650"><subfield code="a">Catholics.</subfield><subfield code="2">fast</subfield><subfield code="0">(OCoLC)fst00849297</subfield></datafield><datafield ind1=" " ind2="7" tag="651"><subfield code="a">United States Virgin Islands.</subfield><subfield code="2">fast</subfield><subfield code="0">(OCoLC)fst01861754</subfield></datafield><datafield ind1=" " ind2="7" tag="651"><subfield code="a">United States Virgin Islands</subfield><subfield code="z">Charlotte Amalie.</subfield><subfield code="2">fast</subfield><subfield code="0">(OCoLC)fst01861757</subfield></datafield><datafield ind1=" " ind2="7" tag="651"><subfield code="a">United States Virgin Islands</subfield><subfield code="z">Saint Croix.</subfield><subfield code="2">fast</subfield><subfield code="0">(OCoLC)fst01861791</subfield></datafield><datafield ind1=" " ind2="7" tag="651"><subfield code="a">United States Virgin Islands</subfield><subfield code="z">Saint John.</subfield><subfield code="2">fast</subfield><subfield code="0">(OCoLC)fst01861792</subfield></datafield><datafield ind1=" " ind2="7" tag="651"><subfield code="a">United States Virgin Islands</subfield><subfield code="z">Saint Thomas (Island)</subfield><subfield code="2">fast</subfield><subfield code="0">(OCoLC)fst01861793</subfield></datafield><datafield ind1=" " ind2="7" tag="655"><subfield code="a">Newspapers.</subfield><subfield code="2">fast</subfield><subfield code="0">(OCoLC)fst01423814</subfield></datafield><datafield ind1=" " ind2=" " tag="752"><subfield code="a">United States</subfield><subfield code="b">Virgin Islands</subfield><subfield code="c">Saint Thomas</subfield><subfield code="d">Charlotte Amalie.</subfield></datafield><datafield ind1="1" ind2=" " tag="029"><subfield code="a">AU@</subfield><subfield code="b">000022580456</subfield></datafield></record>